%% This BibTeX bibliography file was created using BibDesk.
%% https://bibdesk.sourceforge.io/

%% Created for Zhiqin Lu at 2022-03-28 21:04:55 -0700 


%% Saved with string encoding Unicode (UTF-8) 



@article{blieb,
	author = {Brascamp, H. J. and Lieb, E. H.},
	journal = {J. Functional Analysis},
	number = {4},
	pages = {366--389},
	review = {\MR {0450480 (56 \#8774)}},
	title = {{On extensions of the Brunn-Minkowski and Pr\'ekopa-Leindler theorems, including inequalities for log concave functions, and with an application to the diffusion equation}},
	volume = {22},
	year = {1976}}

@article{brooks,
	author = {Brooks, Robert},
	doi = {10.1007/BF02566228},
	issn = {0010-2571},
	journal = {Comment. Math. Helv.},
	number = {4},
	pages = {581--598},
	review = {\MR {656213 (84j:58131)}},
	title = {{The fundamental group and the spectrum of the Laplacian}},
	volume = {56},
	year = {1981},
	bdsk-url-1 = {https://doi.org/10.1007/BF02566228}}

@article{donnelly,
	author = {Donnelly, Harold},
	doi = {10.1016/0040-9383(81)90012-4},
	issn = {0040-9383},
	journal = {Topology},
	number = {1},
	pages = {1--14},
	review = {\MR {592568 (81j:58081)}},
	title = {{On the essential spectrum of a complete Riemannian manifold}},
	volume = {20},
	year = {1981},
	bdsk-url-1 = {https://doi.org/10.1016/0040-9383(81)90012-4}}

@article{li-yau,
	author = {Li, P. and Yau, S. T.},
	book = {series={Proc. Sympos. Pure Math., XXXVI}, publisher={Amer. Math. Soc.}, place={Providence, R.I.},},
	conference = {title={Geometry of the Laplace operator (Proc. Sympos. Pure Math., Univ. Hawaii, Honolulu, Hawaii, 1979)},},
	pages = {205--239},
	review = {\MR {573435 (81i:58050)}},
	title = {{Estimates of eigenvalues of a compact Riemannian manifold}},
	year = {1980}}

@misc{lu-zhou,
	author = {Zhiqin Lu and Detang Zhou},
	note = {arXiv:1003.2502},
	title = {{On the essential spectrum of complete non-compact manifolds}}}

@misc{lu-rowlett,
	author = {Zhiqin Lu and Julie Rowlett},
	note = {arXiv:1003.0191},
	title = {{The fundamental gap}}}

@book{SY,
	author = {Schoen, R. and Yau, S.-T.},
	isbn = {1-57146-012-8},
	note = {Lecture notes prepared by Wei Yue Ding, Kung Ching Chang [Gong Qing Zhang], Jia Qing Zhong and Yi Chao Xu; Translated from the Chinese by Ding and S. Y. Cheng; Preface translated from the Chinese by Kaising Tso},
	pages = {v+235},
	place = {Cambridge, MA},
	publisher = {International Press},
	review = {\MR {1333601 (97d:53001)}},
	series = {Conference Proceedings and Lecture Notes in Geometry and Topology, I},
	title = {{Lectures on differential geometry}},
	year = {1994}}

@article{sturm,
	author = {Sturm, Karl-Theodor},
	doi = {10.1006/jfan.1993.1150},
	issn = {0022-1236},
	journal = {J. Funct. Anal.},
	number = {2},
	pages = {442--453},
	review = {\MR {1250269 (94m:58227)}},
	title = {{On the $L^p$-spectrum of uniformly elliptic operators on Riemannian manifolds}},
	volume = {118},
	year = {1993},
	bdsk-url-1 = {https://doi.org/10.1006/jfan.1993.1150}}

@article{swyy,
	author = {Singer, I. M. and Wong, B. and Yau, S. T. and Yau, S. S.-T.},
	issn = {0391-173X},
	journal = {Ann. Scuola Norm. Sup. Pisa Cl. Sci. (4)},
	number = {2},
	pages = {319--333},
	review = {\MR {829055 (87j:35280)}},
	title = {{An estimate of the gap of the first two eigenvalues in the Schr\"odinger operator}},
	volume = {12},
	year = {1985}}

@article{wang,
	author = {Wang, Jiaping},
	issn = {1073-2780},
	journal = {Math. Res. Lett.},
	number = {4},
	pages = {473--479},
	review = {\MR {1470419 (98h:58194)}},
	title = {{The spectrum of the Laplacian on a manifold of nonnegative Ricci curvature}},
	volume = {4},
	year = {1997}}

@article{yang,
	author = {Yang, H. C.},
	issn = {1001-6511},
	journal = {Sci. China Ser. A},
	number = {1},
	pages = {39--51},
	review = {\MR {1055558 (91g:58293)}},
	title = {{Estimates of the first eigenvalue for a compact Riemann manifold}},
	volume = {33},
	year = {1990}}

@article{yz,
	author = {Yu, Q. H. and Zhong, J. Q.},
	issn = {0002-9947},
	journal = {Trans. Amer. Math. Soc.},
	number = {1},
	pages = {341--349},
	review = {\MR {819952 (87f:35179)}},
	title = {{Lower bounds of the gap between the first and second eigenvalues of the Schr\"odinger operator}},
	volume = {294},
	year = {1986}}

@article{zhong-yang,
	author = {Zhong, J. Q. and Yang, H. C.},
	issn = {0253-5831},
	journal = {Sci. Sinica Ser. A},
	number = {12},
	pages = {1265--1273},
	review = {\MR {794292 (87a:58162)}},
	title = {{On the estimate of the first eigenvalue of a compact Riemannian manifold}},
	volume = {27},
	year = {1984}}

@book{chen,
	author = {Chen, Ya-Zhe and Wu, Lan-Cheng},
	note = {Translated from the 1991 Chinese original by Bei Hu},
	pages = {xiv+246},
	publisher = {American Mathematical Society, Providence, RI},
	series = {Translations of Mathematical Monographs},
	title = {{Second order elliptic equations and elliptic systems}},
	volume = {174},
	year = {1998}}

@article{gehring,
	author = {Gehring, F. W.},
	journal = {Acta Math.},
	pages = {265--277},
	title = {{The $L^{p}$-integrability of the partial derivatives of a quasiconformal mapping}},
	volume = {130},
	year = {1973}}

@article{GNY,
	author = {Grigor'yan, Alexander and Netrusov, Yuri and Yau, Shing-Tung},
	book = {series={Surv. Differ. Geom.}, volume={9}, publisher={Int. Press, Somerville, MA},},
	conference = {title={Surveys in differential geometry. Vol. IX},},
	date-modified = {2022-03-28 21:04:51 -0700},
	pages = {147--217},
	title = {{Eigenvalues of elliptic operators and geometric applications}},
	year = {2004}}
